<record><leader>00000cas a22000007a 4500</leader><controlfield tag="001">16823550</controlfield><controlfield tag="008">871007d193919uucauuu ne      0    0eng d</controlfield><datafield ind1=" " ind2=" " tag="010"><subfield code="a">sn 87073067 </subfield></datafield><datafield ind1=" " ind2=" " tag="040"><subfield code="a">YOX</subfield><subfield code="b">eng</subfield><subfield code="c">YOX</subfield><subfield code="d">OCLCQ</subfield></datafield><datafield ind1=" " ind2=" " tag="042"><subfield code="a">msc</subfield></datafield><datafield ind1=" " ind2=" " tag="043"><subfield code="a">n-us-ca</subfield></datafield><datafield ind1="0" ind2="0" tag="245"><subfield code="a">Kaweah colonist news.</subfield></datafield><datafield ind1=" " ind2=" " tag="260"><subfield code="a">Kaweah, Calif. :</subfield><subfield code="b">George J. Magly</subfield></datafield><datafield ind1=" " ind2=" " tag="300"><subfield code="a">v. :</subfield><subfield code="b">ill. ;</subfield><subfield code="c">54 cm.</subfield></datafield><datafield ind1="0" ind2=" " tag="362"><subfield code="a">Vol. 1, no. 1 (Apr. 2, 1939)-</subfield></datafield><datafield ind1=" " ind2=" " tag="500"><subfield code="a">Editor: Bert Barton.</subfield></datafield><datafield ind1=" " ind2="0" tag="651"><subfield code="a">Kaweah (Calif.)</subfield><subfield code="v">Newspapers.</subfield></datafield><datafield ind1=" " ind2=" " tag="752"><subfield code="a">United States</subfield><subfield code="b">California</subfield><subfield code="c">Tulare</subfield><subfield code="d">Kaweah.</subfield></datafield><datafield ind1="1" ind2=" " tag="029"><subfield code="a">AU@</subfield><subfield code="b">000025799761</subfield></datafield></record>